@online{FVS:About,
    author = {Ferdinand-von-Steinbeisschule Reutlingen},
    editor = {editor},
    title = {Fakten und Zahlen},
    year = {2017},
    url = {http://www.steinbeisschule-reutlingen.de/index.php/kennzahlen.html},
    urldate = {2017-06-02}
}


